%%%% Guide til bibtex og litteratur.bib %%%%

% Alle kilder angives efter Harvard-metoden og vil i rapporten fremstaa med [FORFATTER, AAR] eller mere praecist [EFTERNAVN, AAR].

% Nederst findes eksempler paa kildeangivelser af typerne manual, book, article, techreport og misc.
	% - Manual bruges ved henvisninger fra internettet, idet \url-funktionen findes her
	% - Book bruges ved helt almindelige boeger
	% - Article bruges ved artikler og udgivelser
	% - Techreport kan bruges ved mindre udgivelser, hvor kun titel, forfatter og AAR er noedvendig eller tilgaengelig
	% - Misc kan bruges ved det, der falder udenfor de andre kategorier - interview, forelaesninger, foredrag osv. 

% Hvis der er flere forfattere paa en kilde, SKAL de listes med 'and' imellem dem - ogsaa ved 3 og derover (f.eks. FORFATTER 1 and FORFATTER 2 and FORFATTER 3). NAAR kildelisten bygges i rapporten, vil der ved 2 forfattere komme til at staa [EFTERNAVN 1 og EFTERNAVN 2, AAR] og ved 3 forfattere og derover komme til at staa [EFTERNAVN 1 et. al, AAR]. 

% Ved almindelige forfatternavne skal der vaere ét saet tuborg-parenteser ved Author (f.eks. author = {H. C. Andersen}). Ved andre navne (f.eks. virksomheder, hjemmesider, grupper, raad, naevn osv.) skal der vaere 2 saet tuborg-parenteser ved Author (f.eks. author = {{Dansk Standard}}). Begrundelse: med 2 saet tuborg-parenteser skrives hele parentesen ud som forfatter, [Dansk Standard, AAR]. Alternativt ville der i eksemplet bare komme til at staa [Standard, AAR].

%-----------------------------------------------------%

%%%% EKSEMPLER (manual, book, article, techreport og misc) %%%%


@techreport{gh:pullrequests,
	title         = "Using pull requests",
	author        = "{GitHub Inc}",
	institution   = "{GitHub Inc}",
	year          =  2015,
	url          = "https://help.github.com/articles/using-pull-requests/"
	
}

@misc{Opgaveformulering,
    title        = "Opgaveformulering",
    organization = "IHA",
    institution  = "KatrinesKælder",
    language     = "Dansk",
    howpublished = "PDF",
	year         = "2015",
    url          = "https://bb.au.dk/bbcswebdav/pid-340801-dt-content-rid-547181_1/courses/BB-Cou-STADS-UUVA-43944/Kursusmateriale/Digital-kasseapparat.pdf"
}

@article{4plus1,
    title        = "Architectural Blueprints—The “4+1” View
Model of Software Architecture",
    author 	     = "{Philippe Kruchten}",
	journal      = "IEEE Software",
	year         = "November, 1995",
	volume       = "12",
    institution  = "Rational Software Corp.",
    howpublished = "PDF",	
}

@techreport{gh:UMLActivityDiagrams,
	title         = "UML Activity Diagrams",
	author = "{Microsoft Inc}",
	institution   = "{Microsoft Inc}",
	year          =  2015,
	url          = "https://msdn.microsoft.com/en-us/library/dd409360.aspx"
}

@techreport{gh:Mapping,
	title         = "Mapping Objects to Relational Databases: O/R Mapping In Detail",
	author        = "{Scott W. Ambler}",
	institution   = "{Ambysoft Inc}",
	year          =  2013,
	url          = "http://www.agiledata.org/essays/mappingObjects.html"
}

@techreport{gh:knockoutjs,
	title         = "Knockout - Documentation",
	author        = "{knockoutjs}",
	institution   = "{knockoutjs.com}",
	year          =  2015,
	url          = "http://knockoutjs.com/documentation/introduction.html"
}

@techreport{gh:4plus1x2,
	title         = "Developing a J2EE Architecture with Rational Software Architect Using the Rational Unified Process",
	author        = "{Jean-Louis Maréchaux}",
	institution   = "{IBM}",
	year          =  2005,
	url          = "http://www.ibm.com/developerworks/rational/library/05/0816_Louis/"
}

@techreport{gh:docker,
	title         = "Docker Docs",
	author 		  = "{Docker, Inc}",
	institution   = "{Docker, Inc}",
	year          =  2015,
	url          = "https://docs.docker.com/"
}

@techreport{gh:Doxygen,
	title         = "Doxygen",
	author        = "{Doxygen Inc}",
	institution   = "{Doxygen Inc}",
	year          =  2015,
	url          = "http://www.stack.nl/~dimitri/doxygen/l"
}

@techreport{gh:aspnet,
	title         = "ASP.NET",
	author = "{Microsoft Inc}",
	institution   = "{Microsoft Inc}",
	year          =  2015,
	url          = "http://www.asp.net/"
}

@techreport{gh:entityframeworktutorial,
	title         = "Entity Framework Tutorials",
	author = "{Microsoft Inc}",
	institution   = "{Microsoft Inc}",
	year          =  2015,
	url          	= "http://www.entityframeworktutorial.net/"
}

@techreport{gh:webapi2,
	title         = "Using Web API 2 with Entity Framework 6",
	author		  = "{Mike Wasson}",
	institution   = "{Microsoft Inc}",
	year          =  2015,
	url          = "http://www.asp.net/web-api/overview/data/using-web-api-with-entity-framework/part-1"
}

@techreport{gh:uowrepo,
	title         = "Implementing the Repository and Unit of Work Patterns in an ASP.NET MVC Application (9 of 10)",
	author		  = "{Tom Dykstra}",
	institution   = "{Microsoft Inc}",
	year          =  2013,
	url          = "http://www.asp.net/mvc/overview/older-versions/getting-started-with-ef-5-using-mvc-4/implementing-the-repository-and-unit-of-work-patterns-in-an-asp-net-mvc-application"
}

@techreport{gh:lib,
	title         = ".NET Framework Class Library",
	author = "{Microsoft Inc}",
	institution   = "{Microsoft Inc}",
	year          =  2015,
	url          = "https://msdn.microsoft.com/en-us/library/mt472912(v=vs.110).aspx"
}

@misc{gh:MVVM,
    title        = "The ModelView ViewModel Design Pattern",
    organization = "IHA",
    author        = "{Poul Ejnar Rovsing}",
    language     = "Dansk",
    howpublished = "PDF",
    year         = "2015",
    url          = "https://bb.au.dk/bbcswebdav/pid-330188-dt-content-rid-515626_1/courses/BB-Cou-STADS-UUVA-43943/Papers/Model-View-ViewModel-Note.pdf"
}

@misc{gh:ItemsControl,
    title   = "WPF ItemsControl Example",
    author  = "{Rachel Lim}",
    year    = "2011",
    url     = "https://rachel53461.wordpress.com/2011/09/17/wpf-itemscontrol-example/"
}

@book{gh:WPF,
	title 			= "Pro WPF in Csharp",
	author 			= "Matthew MacDonald",
	year			= "December, 2012",
	volume			= "4",
	institution		= "Appress",
	howpublished	= "Book"	
}

@techreport{gh:codefirst,
	title = "Entity Framework Code First to a New Database",
	author = "{Microsoft Inc}",
	institution = "{Microsoft Inc}",
	year = "2015",
	url = "https://msdn.microsoft.com/en-us/data/jj193542"
}

@techreport{gh:propertiesfluent,
	title = "Configuring/Mapping Properties and Types with the Fluent API",
	author = "{Microsoft Inc}",
	institution = "{Microsoft Inc}",
	year = "2015",
	url = "https://msdn.microsoft.com/en-us/data/jj591617"
}

@techreport{gh:relationshipfluent,
	title = "Configuring Relationships with the Fluent API",
	author = "{Microsoft Inc}",
	institution = "{Microsoft Inc}",
	year = "2015",
	url = "https://msdn.microsoft.com/en-us/data/jj591620"
}

